<record><leader>00000cas a2200000 a 4500</leader><controlfield tag="001">8822098</controlfield><controlfield tag="008">820930d18371840iluwr ne      0   a0eng  </controlfield><datafield ind1=" " ind2=" " tag="010"><subfield code="a">sn 82015335 </subfield></datafield><datafield ind1=" " ind2=" " tag="040"><subfield code="a">DLC</subfield><subfield code="b">eng</subfield><subfield code="c">DLC</subfield><subfield code="d">NVF</subfield><subfield code="d">OCL</subfield><subfield code="d">NVF</subfield><subfield code="d">OCLCQ</subfield><subfield code="d">NVF</subfield><subfield code="d">OCLCO</subfield><subfield code="d">OCLCF</subfield></datafield><datafield ind1="1" ind2=" " tag="029"><subfield code="a">AU@</subfield><subfield code="b">000020120030</subfield></datafield><datafield ind1=" " ind2=" " tag="042"><subfield code="a">pcc</subfield></datafield><datafield ind1=" " ind2=" " tag="043"><subfield code="a">n-us-il</subfield></datafield><datafield ind1="0" ind2="0" tag="050"><subfield code="a">Newspaper 7574-X</subfield></datafield><datafield ind1="0" ind2=" " tag="130"><subfield code="a">Lacon herald (Lacon, Ill. : 1837)</subfield></datafield><datafield ind1="1" ind2="4" tag="245"><subfield code="a">The Lacon herald.</subfield></datafield><datafield ind1=" " ind2=" " tag="260"><subfield code="a">Lacon, Ill. :</subfield><subfield code="b">Allen N. Ford,</subfield><subfield code="c">1837-1840.</subfield></datafield><datafield ind1=" " ind2=" " tag="300"><subfield code="a">v.</subfield></datafield><datafield ind1=" " ind2=" " tag="310"><subfield code="a">Weekly</subfield></datafield><datafield ind1="0" ind2=" " tag="362"><subfield code="a">Vol. 1, no. 1 (Dec. 13, 1837)-</subfield></datafield><datafield ind1="1" ind2=" " tag="362"><subfield code="a">Ceased in 1840.</subfield></datafield><datafield ind1=" " ind2=" " tag="515"><subfield code="a">Issues for Dec. 18, 1839-&lt;Feb. 26, 1840&gt; called also whole no. 94-&lt;whole no. 104&gt;</subfield></datafield><datafield ind1=" " ind2=" " tag="588"><subfield code="a">Latest issue consulted: Mar. 18, 1840.</subfield></datafield><datafield ind1=" " ind2="0" tag="651"><subfield code="a">Lacon (Ill.)</subfield><subfield code="v">Newspapers.</subfield></datafield><datafield ind1=" " ind2="7" tag="655"><subfield code="a">Newspapers.</subfield><subfield code="2">fast</subfield><subfield code="0">(OCoLC)fst01423814</subfield></datafield><datafield ind1=" " ind2="7" tag="651"><subfield code="a">Illinois</subfield><subfield code="z">Lacon.</subfield><subfield code="2">fast</subfield><subfield code="0">(OCoLC)fst01926143</subfield></datafield><datafield ind1=" " ind2=" " tag="752"><subfield code="a">United States</subfield><subfield code="b">Illinois</subfield><subfield code="c">Marshall</subfield><subfield code="d">Lacon.</subfield></datafield><datafield ind1="0" ind2="0" tag="785"><subfield code="t">Ninawah gazette</subfield><subfield code="w">(DLC)sn 82015701</subfield><subfield code="w">(OCoLC)8836369</subfield></datafield></record>